@misc{ stat01,
author = {Geopy},
title = {Welcome to GeoPyâ€™s documentation! - GeoPy 1.10.0 documentation},
year = {2017},
url = {https://geopy.readthedocs.io/en/1.11.0/},
lastaccessed = {October 18, 2017}
}

@misc{ stat02,
author = {Scipy},
title = {Statistics - NumPy v1.13 Manual},
year = {2017},
url = {https://docs.scipy.org/doc/numpy/reference/routines.statistics.html},
lastaccessed = {October 18, 2017}
}

@misc{ stat03,
author = {Nick Fellows},
title = {Androidplot},
year = {2017},
url = {http://androidplot.com/},
lastaccessed = {October 18, 2017}
}
