
@ONLINE {g_API_Maps,
    author = {Google},
    title  = {Map Objects},
    month  = {nov},
    year   = {2017},
    url    = {https://developers.google.com/maps/documentation/android-api/map},
    access = {Nov. 12, 2017}
}

@ONLINE {g_API_Elev,
    author = {Google},
    title  = {Elevation API},
    month  = {nov},
    year   = {2017},
    url    = {https://developers.google.com/maps/documentation/elevation/start},
    access = {Nov. 12, 2017}
}


@ONLINE {g_Util_Map,
    author = {Google},
    title  = {android-map-utils},
    month  = {nov},
    year   = {2017},
    url    = {https://github.com/googlemaps/android-maps-utils},
    access = {Nov. 12, 2017}
}


@ONLINE {g_asyncget,
    author = {Stefano Contini},
    title  = {Android Development, fetch data from API and execute a callback.},
    month  = {nov},
    year   = {2017},
    url    = {https://www.abidibo.net/blog/2016/01/21/android-development-fetch-data-api-and-execute-callback/}
}


@ONLINE {g_AsyncTask,
    author = {Android},
    title  = {AsyncTask},
    month  = {nov},
    year   = {2017},
    url    = {https://developer.android.com/reference/android/os/AsyncTask.html}
}

@ONLINE {g_hausdorff,
    author = {Wikipedia},
    title  = {Hausdorff Distance},
    month  = {nov},
    year   = {2017},
    url    = {https://en.wikipedia.org/wiki/Hausdorff_distance}
}

@ONLINE {g_frechet,
    author = {Wikipedia},
    title  = {Frechet Distance},
    month  = {nov},
    year   = {2017},
    url    = {https://en.wikipedia.org/wiki/Fr%C3%A9chet_distance}
}


@STANDARD {g_geojson_std,
    title        = {The GeoJSON Format},
    organization = {Planet Labs},
    institution  = {Internet Engineering Task Force},
    author       = {Butler, et al.},
    language     = {English},
    howpublished = {Online},
    type         = {PROPOSED STANDARD},
    revision     = {RFC 7946},
    year         = {2016},
    month        = {aug},
    url          = {https://tools.ietf.org/html/rfc7946},
    note         = {ISSN: 2070-1721}
}


@misc{ stat01,
author = {Geopy},
title = {Welcome to GeoPyâ€™s documentation! - GeoPy 1.10.0 documentation},
year = {2017},
url = {https://geopy.readthedocs.io/en/1.11.0/},
lastaccessed = {October 18, 2017}
}

@misc{ stat02,
author = {Scipy},
title = {Statistics - NumPy v1.13 Manual},
year = {2017},
url = {https://docs.scipy.org/doc/numpy/reference/routines.statistics.html},
lastaccessed = {October 18, 2017}
}

@misc{ stat03,
author = {Nick Fellows},
title = {Androidplot},
year = {2017},
url = {http://androidplot.com/},
lastaccessed = {October 18, 2017}
}